<record><leader>00000cas a2200000 a 4500</leader><controlfield tag="001">40993622</controlfield><controlfield tag="008">990318d19uu19uumiuwr n       0    0eng c</controlfield><datafield ind1=" " ind2=" " tag="010"><subfield code="a">sn 99065109 </subfield></datafield><datafield ind1=" " ind2=" " tag="040"><subfield code="a">MHN</subfield><subfield code="b">eng</subfield><subfield code="c">MHN</subfield><subfield code="d">OCL</subfield><subfield code="d">OCLCQ</subfield><subfield code="d">OCLCO</subfield></datafield><datafield ind1="1" ind2=" " tag="029"><subfield code="a">AU@</subfield><subfield code="b">000020041809</subfield></datafield><datafield ind1=" " ind2=" " tag="042"><subfield code="a">pcc</subfield></datafield><datafield ind1=" " ind2=" " tag="043"><subfield code="a">n-us-mi</subfield></datafield><datafield ind1="0" ind2="4" tag="245"><subfield code="a">The Palo weekly post.</subfield></datafield><datafield ind1=" " ind2=" " tag="260"><subfield code="a">Palo, Mich. :</subfield><subfield code="b">Austin G. Johnson</subfield></datafield><datafield ind1=" " ind2=" " tag="300"><subfield code="a">v.</subfield></datafield><datafield ind1=" " ind2=" " tag="310"><subfield code="a">Weekly</subfield></datafield><datafield ind1=" " ind2=" " tag="588"><subfield code="a">Description based on: Vol. 12, no. 49 (Mar. 15, 1907).</subfield></datafield><datafield ind1=" " ind2="0" tag="651"><subfield code="a">Palo (Mich.)</subfield><subfield code="v">Newspapers.</subfield></datafield><datafield ind1=" " ind2="0" tag="651"><subfield code="a">Ionia County (Mich.)</subfield><subfield code="v">Newspapers.</subfield></datafield><datafield ind1=" " ind2=" " tag="752"><subfield code="a">United States</subfield><subfield code="b">Michigan</subfield><subfield code="c">Ionia</subfield><subfield code="d">Palo.</subfield></datafield><datafield ind1="0" ind2="0" tag="780"><subfield code="t">Palo post (Palo, Mich. : 1900)</subfield><subfield code="w">(DLC)sn 99065110</subfield><subfield code="w">(OCoLC)41204744</subfield></datafield><datafield ind1="0" ind2="0" tag="785"><subfield code="t">Palo post (Palo, Mich. : 1916)</subfield><subfield code="w">(DLC)sn 99065106</subfield><subfield code="w">(OCoLC)40993587</subfield></datafield></record>